@inproceedings{kato:2002,
    author = {Kato, Toshi and Saito, Jun},
    title = {"Kilauea": parallel global illumination renderer},
    booktitle = {Proceedings of the Fourth Eurographics Workshop on Parallel Graphics and Visualization},
    series = {EGPGV '02},
    year = {2002},
    isbn = {1-58113-579-3},
    location = {Blaubeuren, Germany},
    pages = {7--16},
    numpages = {10},
    url = {http://dl.acm.org/citation.cfm?id=569673.569675},
    acmid = {569675},
    publisher = {Eurographics Association},
    address = {Aire-la-Ville, Switzerland, Switzerland},
}

@inproceedings{hapala:2011,
    author = {Hapala, M. and Davidovic, T. and Wald, I. and Havran, V. and Slusallek, P.},
    title = {Efficient stack-less BVH traversal for ray tracing.},
    booktitle = {27th Spring Conference on Computer Graphics},
    series = {SCCG '11},
    year = {2011}
}

@book{pbrt,
    author = {Pharr, Matt and Humphreys, Greg},
    title = {Physically Based Rendering: From Theory to Implementation},
	edition = {2nd},
	publisher = {Morgan Kaufmann},
	year = {2010}
}

@misc{lua,
    key = {Lua},
    title = {The {L}ua Programming Language},
    howpublished = {http://www.lua.org}
}

@misc{luajit,
    key = {LuaJIT},
    title = {The {L}ua{JIT} Project},
    howpublished = {http://luajit.org}
}

@article{whitted:1980,
    author = {Whitted, Turner},
    title = {An improved illumination model for shaded display},
    journal = {Commun. ACM},
    issue_date = {June 1980},
    volume = {23},
    number = {6},
    month = jun,
    year = {1980},
    issn = {0001-0782},
    pages = {343--349},
    numpages = {7},
    url = {http://doi.acm.org/10.1145/358876.358882},
    doi = {10.1145/358876.358882},
    acmid = {358882},
    publisher = {ACM},
    address = {New York, NY, USA},
    keywords = {computer animation, computer graphics, raster displays, shading, visible surface algorithms},
}

@inproceedings{appel:1968,
    author = {Appel, Arthur},
    title = {Some techniques for shading machine renderings of solids.},
    booktitle = {Spring Joint Comptr. Conf.},
    series = {AFIPS},
    year = {1968},
    pages = {37--45},
}
